<?xml version="1.0" encoding="UTF-8"?><collection xmlns="http://www.loc.gov/MARC21/slim"><record><leader>00419nam--2200133-i-4500</leader><controlfield tag="001">000019791</controlfield><controlfield tag="002">20161230</controlfield><controlfield tag="005">20161230201033</controlfield><controlfield tag="008">060222s1000------------r-----000-0-eng-d</controlfield><datafield ind1=" " ind2=" " tag="080"><subfield code="a">519.71</subfield></datafield><datafield ind1=" " ind2=" " tag="100"><subfield code="a">Forrester, Jay W</subfield></datafield><datafield ind1=" " ind2=" " tag="245"><subfield code="a">Princioiile sistemelor.teorie si autoinstruire programata.traducere din literatura americana dupa editie a saptea (1973)</subfield></datafield><datafield ind1=" " ind2=" " tag="260"><subfield code="a">Bucuresti,Editura Tehnica, 1979. 306 P</subfield></datafield><datafield ind1=" " ind2=" " tag="852"><subfield code="a">46792</subfield></datafield></record></collection>